<?xml version="1.0" encoding="UTF-8"?><collection xmlns="http://www.loc.gov/MARC21/slim"><record><leader>00327nam--2200121-i-4500</leader><controlfield tag="001">000017169</controlfield><controlfield tag="002">20161230</controlfield><controlfield tag="005">20161230201032</controlfield><controlfield tag="008">060222s1000------------r-----000-0-eng-d</controlfield><datafield ind1=" " ind2=" " tag="080"><subfield code="a">061.62(520):001.891:621.039</subfield></datafield><datafield ind1=" " ind2=" " tag="245"><subfield code="a">Kurri, progress report, 1992</subfield></datafield><datafield ind1=" " ind2=" " tag="260"><subfield code="a">The Research Reactor Institute,  Osaka, Japan 1993</subfield></datafield><datafield ind1=" " ind2=" " tag="852"><subfield code="a">80099</subfield></datafield></record></collection>